@article{von1823denkschriften,
  title={Denkschriften der K{\"o}niglichen Akademie der Wissenschaften zu M{\"u}nchen 5 (1814--1815) 193.; J. Fraunhofer},
  author={Von Fraunhofer, J.},
  journal={Ann. Phys.(Leipzig)},
  volume={74},
  pages={337},
  year={1823}
}

@article{guthnick1934bevorstehende,
  title={Das bevorstehende Bedeckungsminimum von zeta Auriage},
  author={Guthnick, P},
  journal={Astronomische Nachrichten},
  volume={252},
  pages={13},
  year={1934}
}

@article{wright1970zeta,
  title={The Zeta Aurigae stars},
  author={Wright, Kenneth Osborne},
  journal={Vistas in Astronomy},
  volume={12},
  pages={147--182},
  year={1970},
  publisher={Elsevier}
}


@book{aller1953atmospheres,
  title={The atmospheres of the sun and stars},
  author={Aller, Lawrence H},
  year={1953},
  publisher={Ronald Press Company}
}

@book{handbook:chem,
title={CRC Handbook of chemistry and Physics},
author={ Weast, R.C. Selby, S. M. and  Hodgman, C. D.},
year={1986},
publisher={The Chemical Rubber Co}
}

@article{linsky1980stellar,
  title={Stellar chromospheres},
  author={Linsky, Jeffrey L},
  journal={Annual Review of Astronomy and Astrophysics},
  volume={18},
  number={1},
  pages={439--488},
  year={1980},
  publisher={Annual Reviews 4139 El Camino Way, PO Box 10139, Palo Alto, CA 94303-0139, USA}
}

@article{kps9,
title={Optical spectra $\zeta$ Aurigae binary systems: I. The 1987 eclipse of $\zeta$ Aurigae},
author={R.E.M. Griffin, R.F. Griffin, K.P. Schröder and D. Reimers},
journal={Astronomy and Astrophysics},
volume={},
number={},
pages={},
year={1989}
}

@article{kps1O,
title={Optical spectra $\zeta$ Aurigae binary systems: II. The lower chromosphere of $\zeta$ Aurigae},
author={K.P. Schröder, R.E.M. Griffin, R.F. Griffin},
journal={Astronomy and Astrophysics},
volume={},
number={},
pages={},
year={1989}
}

@article{complete,
title={Chromospheric structure of the K-type component of Zeta Aurigae},
author={O. C. Wilson and Helmut A. Abt},
journal={Astronomy and Astrophysics},
volume={},
number={},
pages={},
year={1989}
}

@article{di1990angular,
  title={Angular diameters of Zeta Aurigae-type supergiants by Michelson interferometry},
  author={Di Benedetto, GP and Ferluga, S},
  journal={Astronomy and Astrophysics},
  volume={236},
  pages={449--454},
  year={1990}
}

@article{eaton1993chromospheric,
  title={On the chromospheric structure of Zeta Aurigae},
  author={Eaton, Joel A},
  journal={The Astrophysical Journal},
  volume={404},
  pages={305--315},
  year={1993}
}

@book{eisberg1994fisica,
  title={F{\'\i}sica cu{\'a}ntica: {\'a}tomos, mol{\'e}culas, s{\'o}lidos, n{\'u}cleos y part{\'\i}culas},
  author={Eisberg, Robert Martin and Resnick, Robert and Cota Araiza, Leonel and others},
  year={1994}
}


@article{piskunov1995vald,
  title={VALD: The Vienna atomic line data base.},
  author={Piskunov, NE and Kupka, F and Ryabchikova, TA and Weiss, WW and Jeffery, CS},
  journal={Astronomy and Astrophysics Supplement Series},
  volume={112},
  pages={525},
  year={1995}
}
@article{bennett1995non,
  title={A Non-LTE Analysis of the zeta Aurigae B-Type Secondary. I. Determination of the Fundamental Stellar Parameters},
  author={Bennett, Philip D and Brown, Alexander and Linsky, Jeffrey L},
  journal={The Astrophysical Journal},
  volume={455},
  pages={317},
  year={1995}
}

@inproceedings{hunsch1996rosat,
  title={ROSAT observations of a complete volume-limited sample of late-type giants},
  author={Hunsch, M and Reimers, D and Schmitt, JHMM and Schroder, K-P},
  booktitle={Cool Stars, Stellar Systems, and the Sun},
  volume={109},
  pages={531},
  year={1996}
}

@inproceedings{huensch1996x,
  title={An X-ray survey of all nearby late-type giants.},
  author={Huensch, M and Schmitt, JHMM and Schroeder, K-P and Reimers, D},
  booktitle={Roentgenstrahlung from the Universe},
  pages={49--50},
  year={1996}
}

@article{schroder1997critical,
  title={A critical test of stellar evolution and convective core ‘overshooting’by means of $\zeta$ Aurigae systems},
  author={Schr{\"o}der, Klaus-Peter and Pols, Onno R and Eggleton, Peter P},
  journal={Monthly Notices of the Royal Astronomical Society},
  volume={285},
  number={4},
  pages={696--710},
  year={1997},
  publisher={Blackwell Science Ltd Oxford, UK}
}

@article{pols1998stellar,
  title={Stellar evolution models for Z= 0.0001 to 0.03},
  author={Pols, Onno R and Schr{\"o}der, Klaus-Peter and Hurley, Jarrod R and Tout, Christopher A and Eggleton, Peter P},
  journal={Monthly Notices of the Royal Astronomical Society},
  volume={298},
  number={2},
  pages={525--536},
  year={1998},
  publisher={Blackwell Science Ltd Oxford, UK and Cambridge, USA}
}


@article{hanisch2001definition,
  title={Definition of the flexible image transport system (FITS)},
  author={Hanisch, Robert J and Farris, Allen and Greisen, Eric W and Pence, William D and Schlesinger, Barry M and Teuben, Peter J and Thompson, Randall W and Warnock, Archibald},
  journal={Astronomy \& Astrophysics},
  volume={376},
  number={1},
  pages={359--380},
  year={2001},
  publisher={EDP Sciences}
}

@article{fisher2005local,
  title={What a local sample of spectroscopic binaries can tell us about the field binary population},
  author={Fisher, James and Schr{\"o}der, Klaus-Peter and Smith, Robert Connon},
  journal={Monthly Notices of the Royal Astronomical Society},
  volume={361},
  number={2},
  pages={495--503},
  year={2005},
  publisher={The Royal Astronomical Society}
}

@article{hauschildt2005cool,
  title={Cool stellar atmospheres with PHOENIX.},
  author={Hauschildt, P and Baron, E},
  journal={Memorie della Societa Astronomica Italiana Supplementi},
  volume={7},
  pages={140},
  year={2005}
}

@article{fisher2005local,
  title={What a local sample of spectroscopic binaries can tell us about the field binary population},
  author={Fisher, James and Schr{\"o}der, Klaus-Peter and Smith, Robert Connon},
  journal={Monthly Notices of the Royal Astronomical Society},
  volume={361},
  number={2},
  pages={495--503},
  year={2005},
  publisher={The Royal Astronomical Society}
}



@article{griffin2005spectroscopic,
  title={Spectroscopic binary orbits from photoelectric radial velocities. Paper 180: zeta Aurigae},
  author={Griffin, RF},
  journal={The Observatory},
  volume={125},
  pages={1--22},
  year={2005}
}

@book{carrasco2006diseno,
  title={Diseno y caracterizaci{\'o}n del sistema fotom{\'e}trico de la misi{\'o}n Gaia de la Agencia Espacial Europea},
  author={Carrasco Mart{\'\i}nez, Jos{\'e} Manuel},
  year={2006},
  publisher={Universitat de Barcelona}
}

@article{grevesse2007solar,
  title={The solar chemical composition},
  author={Grevesse, Nicolas and Asplund, Martin and Sauval, AJ},
  journal={Space Science Reviews},
  volume={130},
  number={1-4},
  pages={105--114},
  year={2007},
  publisher={Springer}
}

@book{rybicki2008radiative,
  title={Radiative processes in astrophysics},
  author={Rybicki, George B and Lightman, Alan P},
  year={2008},
  publisher={John Wiley \& Sons}
}

@book{gray2009stellar,
  title={Stellar spectral classification},
  author={Gray, Richard O and Corbally, Christopher J and Burgasser, Adam J},
  volume={15},
  year={2009},
  publisher={Princeton university press}
}

@incollection{schroder2009stars,
  title={Stars and Stellar Systems},
  author={Schr{\"o}der, Klaus-Peter and Duerbeck, Hilmar W and Feitzinger, Johannes Viktor},
  booktitle={Handbook of Practical Astronomy},
  pages={573--695},
  year={2009},
  publisher={Springer}
}

@incollection{giridhar2010spectral,
  title={Spectral Classification: Old and Contemporary},
  author={Giridhar, Sunetra},
  booktitle={Principles and Perspectives in Cosmochemistry},
  pages={165--180},
  year={2010},
  publisher={Springer}
}

@article{shenavrin2011vizier,
  title={VizieR Online Data Catalog: Long-term (1984-2008) JHKLM photometry of stars (Shenavrin+, 2011)},
  author={Shenavrin, VI and Taranova, OG and Nadzhip, AE},
  journal={VizieR Online Data Catalog},
  volume={808},
  year={2011}
}

@article{plez2012turbospectrum,
  title={Turbospectrum: Code for spectral synthesis},
  author={Plez, B},
  journal={Astrophysics Source Code Library},
  year={2012}
}

@article{schroder2012basal,
  title={Basal chromospheric flux and Maunder Minimum-type stars: the quiet-Sun chromosphere as a universal phenomenon},
  author={Schr{\"o}der, K-P and Mittag, M and Mart{\'\i}nez, MI P{\'e}rez and Cuntz, M and Schmitt, JHMM},
  journal={Astronomy \& Astrophysics},
  volume={540},
  pages={A130},
  year={2012},
  publisher={EDP Sciences}
}

@article{mittag2013ii,
  title={Ca II H+ K fluxes from S-indices of large samples: a reliable and consistent conversion based on PHOENIX model atmospheres},
  author={Mittag, M and Schmitt, JHMM and Schr{\"o}der, K-P},
  journal={Astronomy \& Astrophysics},
  volume={549},
  pages={A117},
  year={2013},
  publisher={EDP Sciences}
}

@inproceedings{chavez2013new,
  title={New Quests in Stellar Astrophysics III: A Panchromatic View of Solar-like Stars, with and without Planets},
  author={Chavez, M and Bertone, E and Vega, O and De la Luz, V},
  booktitle={New Quests in Stellar Astrophysics III: A Panchromatic View of Solar-Like Stars, With and Without Planets},
  volume={472},
  year={2013}
}

@article{steffen2013micro,
  title={Micro-and macroturbulence predictions from CO5BOLD 3D stellar atmospheres},
  author={Steffen, M. and Caffau, E. and Ludwig, H-G, and. others},
  journal={arXiv preprint arXiv:1306.4307},
  year={2013}
}

@article{bertaux2014tapas,
  title={TAPAS, a web-based service of atmospheric transmission computation for astronomy},
  author={Bertaux, Jean-Loup and Lallement, Rosine and Ferron, St{\'e}phane and Boonne, Cathy and Bodichon, R. and others},
  journal={Astronomy \& Astrophysics},
  volume={564},
  pages={A46},
  year={2014},
  publisher={EDP Sciences}
}

@article{blanco2014determining,
  title={Determining stellar atmospheric parameters and chemical abundances of FGK stars with iSpec},
  author={Blanco-Cuaresma, S and Soubiran, C and Heiter, Ulrike and Jofr{\'e}, P},
  journal={Astronomy \& Astrophysics},
  volume={569},
  pages={A111},
  year={2014},
  publisher={EDP Sciences}
}

@article{fustes2014extraccion,
  title={Extracci{\'o}n de conocimiento en bases de datos astron{\'o}micas mediante redes de neuronas artificiales: aplicaciones en la misi{\'o}n Gaia},
  author={Fustes Villad{\'o}niga, Diego},
  year={2014}
}

@article{schmitt2014tigre,
  title={TIGRE: A new robotic spectroscopy telescope at Guanajuato, Mexico},
  author={Schmitt, JHMM and Schr{\"o}der, K-P and Rauw, Gr{\'e}gor and Hempelmann, A and Mittag, M and Gonz{\'a}lez-P{\'e}rez, JN and Czesla, S and Wolter, U and Jack, D and Eenens, P and others},
  journal={Astronomische Nachrichten},
  volume={335},
  number={8},
  pages={787--796},
  year={2014},
  publisher={Wiley Online Library}
}
@book{ake2015giants,
  title={Giants of Eclipse: The $\zeta$ Aurigae Stars and Other Binary Systems},
  author={Ake, Thomas B and Griffin, Elizabeth},
  year={2015},
  publisher={Springer}
}

@article{soubiran2016pastel,
  title={The PASTEL catalogue: 2016 version},
  author={Soubiran, Caroline and Le Campion, Jean-Fran{\c{c}}ois and Brouillet, Nathalie and Chemin, Laurent},
  journal={Astronomy \& Astrophysics},
  volume={591},
  pages={A118},
  year={2016},
  publisher={EDP Sciences}
}

@article{mittag2016chromospheric,
  title={Chromospheric activity and evolutionary age of the Sun and four solar twins},
  author={Mittag, M and Schr{\"o}der, K-P and Hempelmann, A and Gonz{\'a}lez-P{\'e}rez, JN and Schmitt, JHMM},
  journal={Astronomy \& Astrophysics},
  volume={591},
  pages={A89},
  year={2016},
  publisher={EDP Sciences}
}


@book{carroll2017introduction,
  title={An introduction to modern astrophysics},
  author={Carroll, Bradley W and Ostlie, Dale A},
  year={2017},
  publisher={Cambridge University Press}
}

@article{jofre2017gaia,
  title={Gaia FGK benchmark stars: opening the black box of stellar element abundance determination},
  author={Jofr{\'e}, P and Heiter, U and Worley, CC and Blanco-Cuaresma, S and Soubiran, C and Masseron, T and Hawkins, K and Adibekyan, V and Buder, S and Casamiquela, L and others},
  journal={Astronomy \& Astrophysics},
  volume={601},
  pages={A38},
  year={2017},
  publisher={EDP Sciences}
}

@misc{kit,
title={Simulación del Institut für Kernphysik, Forschungszentrum Karlsruhe},
author={Oehlschläger, J. and Engel, R.},
howpublished={\url{https://web.ikp.kit.edu/corsika/movies/Movies.htm}},
note={Accedido: 2018-07-16}
}

@article{mittag2018revisiting,
  title={Revisiting the connection between magnetic activity, rotation period, and convective turnover time for main-sequence stars},
  author={Mittag, M and Schmitt, JHMM and Schr{\"o}der, K-P},
  journal={Astronomy \& Astrophysics},
  volume={618},
  pages={A48},
  year={2018},
  publisher={EDP Sciences}
}

@masterthesis{Faiber2019master,
  author =       "Faiber Danilo Rosas",
  title =        "{Efecto Wilson-Bappu en estrellas frías: Relación física entre el ancho de línea K de Ca II y la gravedad superficial}",
  school =       "Posgrado en ciencias (Astrofísica). Universidad de Guanajuato",
  year =         "2019"
}

@article{blanco2019modern,
  title={Modern stellar spectroscopy caveats},
  author={Blanco-Cuaresma, Sergi},
  journal={Monthly Notices of the Royal Astronomical Society},
  volume={486},
  number={2},
  pages={2075--2101},
  year={2019},
  publisher={Oxford University Press}
}

@incollection{ayres2019stellar,
  title={Stellar and Solar Chromospheres and Attendant Phenomena},
  author={Ayres, Thomas R},
  booktitle={The Sun as a Guide to Stellar Physics},
  pages={27--57},
  year={2019},
  publisher={Elsevier}
}

@article{zhang2020magnetic,
  title={Magnetic Activity of F-, G-, and K-type Stars in the LAMOST--Kepler Field},
  author={Zhang, Jinghua and Bi, Shaolan and Li, Yaguang and Jiang, Jie and Li, Tanda and He, Han and Yu, Jie and Khanna, Shourya and Ge, Zhishuai and Liu, Kang and others},
  journal={The Astrophysical Journal Supplement Series},
  volume={247},
  number={1},
  pages={9},
  year={2020},
  publisher={IOP Publishing}
}
